@BOOK{vermeer,
	author = {Alex Vermeer},
	title = {Anki Essentials: The Complete Guide to Remembering Anything with Anki},
	year = {2017},
	publisher = {Foggy Mountain Pass},
	edition = {1.1},
	url = {https://alexvermeer.com/anki-essentials/}
}

@MISC{wozniak,
    author = {Piotr Wozniak},
    title = {Effective learning: Twenty rules of formulating knowledge},
    year = {1999},
    month = {February},
    howpublished = {\url{https://www.supermemo.com/en/articles/20rules}}
}

@MISC{nielsen,
    author = {Michael A. Nielsen},
    title = {Augmenting Long-term Memory},
    year = {2018},
    month = {July},
    howpublished = {\url{http://augmentingcognition.com/ltm.html}}
}

@MISC{nielsen_twitter,
    author = {Michael A. Nielsen},
    title = {Tweetstorm on Spaced Repetition/Anki},
    year = {2018},
    month = {January},
    howpublished = {\url{https://twitter.com/michael_nielsen/status/957763229454774272}}
}

@MISC{gwern,
    author = {Gwern Branwen},
    title = {Spaced Repetition},
    year = {2009},
    month = {March},
    howpublished = {\url{https://www.gwern.net/Spaced-repetition}}
}

@MISC{anki,
    title = {Anki},
    howpublished = {\url{https://ankiweb.net}}
}

@BOOK{feynman,
	author = {Richard P. Feynman},
	title = {Surely You're Joking Mr. Feynman!},
	year = {1985},
	publisher = {Norton and Company}
}
